<record xmlns="http://www.loc.gov/MARC21/slim" xmlns:xsi="http://www.w3.org/2001/XMLSchema-instance" xsi:schemaLocation="http://www.loc.gov/MARC21/slim http://www.loc.gov/standards/marcxml/schema/MARC21slim.xsd"><leader>02560nam a2200493   4500</leader><controlfield tag="001">3536905</controlfield><controlfield tag="003">NIC</controlfield><controlfield tag="006">m        d        </controlfield><controlfield tag="007">cr cn |||m|||a</controlfield><controlfield tag="008">150116m19401943le      o     000 0 ara c</controlfield><datafield ind1=" " ind2=" " tag="040"><subfield code="a">NNU</subfield><subfield code="b">eng</subfield><subfield code="e">rda</subfield><subfield code="c">NNU</subfield></datafield><datafield ind1="0" ind2=" " tag="041"><subfield code="a">ara</subfield><subfield code="b">eng</subfield></datafield><datafield ind1=" " ind2=" " tag="043"><subfield code="a">a-sy---</subfield><subfield code="a">f-ua---</subfield></datafield><datafield ind1=" " ind2=" " tag="050"><subfield code="a">PJ7819.S9</subfield><subfield code="b">R8</subfield></datafield><datafield ind1="1" ind2=" " tag="100"><subfield code="6">880-01</subfield><subfield code="a">Rustum, Asad,</subfield><subfield code="d">1897-1965.</subfield></datafield><datafield ind1="1" ind2="3" tag="245"><subfield code="6">880-02</subfield><subfield code="a">al-Mah&#803;fu&#772;z&#803;a&#772;t al-maliki&#772;yah al-Mis&#803;ri&#772;yah :</subfield><subfield code="b">baya&#772;n bi-watha&#772;&#700;iq al-Sha&#772;m wa-ma&#772; yusa&#772;&#699;id &#699;ala&#769; fahmiha&#772; wa-yu&#772;d&#803;ih&#803; maqa&#772;s&#803;id /</subfield><subfield code="c">li-Asad Rustum.</subfield></datafield><datafield ind1="1" ind2="5" tag="246"><subfield code="a">Calendar of state papers from the Royal Archives of Egypt relating to the affairs of Syria</subfield></datafield><datafield ind1=" " ind2=" " tag="260"><subfield code="6">880-03</subfield><subfield code="a">[Beirut] :</subfield><subfield code="b">Ja&#772;mi&#699;at Bayru&#772;t al-Ami&#772;riki&#772;yah,</subfield><subfield code="c">1940-1943.</subfield></datafield><datafield ind1=" " ind2=" " tag="300"><subfield code="a">online resource (4 volumes) :</subfield><subfield code="b">portrait</subfield></datafield><datafield ind1=" " ind2=" " tag="336"><subfield code="a">text</subfield><subfield code="2">rdacontent</subfield></datafield><datafield ind1=" " ind2=" " tag="337"><subfield code="a">computer</subfield><subfield code="2">rdamedia</subfield></datafield><datafield ind1=" " ind2=" " tag="338"><subfield code="a">online resource</subfield><subfield code="2">rdacarrier</subfield></datafield><datafield ind1=" " ind2=" " tag="500"><subfield code="a">Part of the Arabic Collections Online (ACO) project, contributed by Cornell University Libraries.</subfield></datafield><datafield ind1="0" ind2=" " tag="505"><subfield code="a">al-mujallad 1. 1225-1247 A.H., 1810-1832 A.D. -- al-mujallad 2. 1248-1250 A.H., 1832-1835 A.D. -- al-mujallad 3. 1251-1254 A.H., 1835-1839 A.D. -- al-mujallad 4. 1255-1256 A.H., 1839-1841 A.D.</subfield></datafield><datafield ind1=" " ind2=" " tag="533"><subfield code="a">Electronic reproduction.</subfield><subfield code="b">New York, N.Y. :</subfield><subfield code="c">New York University,</subfield><subfield code="d">2015.</subfield><subfield code="5">NNU</subfield></datafield><datafield ind1=" " ind2="0" tag="651"><subfield code="a">Syria</subfield><subfield code="x">History</subfield><subfield code="v">Sources.</subfield></datafield><datafield ind1=" " ind2="0" tag="650"><subfield code="a">Archives</subfield><subfield code="z">Egypt.</subfield></datafield><datafield ind1=" " ind2="0" tag="651"><subfield code="a">Syria</subfield><subfield code="x">Foreign relations</subfield><subfield code="z">Egypt.</subfield></datafield><datafield ind1=" " ind2="0" tag="651"><subfield code="a">Egypt</subfield><subfield code="x">Foreign relations</subfield><subfield code="z">Syria.</subfield></datafield><datafield ind1=" " ind2="7" tag="650"><subfield code="a">Archives.</subfield><subfield code="2">fast</subfield><subfield code="0">(OCoLC)fst00814030</subfield></datafield><datafield ind1=" " ind2="7" tag="650"><subfield code="a">International relations.</subfield><subfield code="2">fast</subfield><subfield code="0">(OCoLC)fst00977053</subfield></datafield><datafield ind1=" " ind2="7" tag="651"><subfield code="a">Egypt.</subfield><subfield code="2">fast</subfield><subfield code="0">(OCoLC)fst01208755</subfield></datafield><datafield ind1=" " ind2="7" tag="651"><subfield code="a">Syria.</subfield><subfield code="2">fast</subfield><subfield code="0">(OCoLC)fst01208757</subfield></datafield><datafield ind1=" " ind2="7" tag="655"><subfield code="a">History.</subfield><subfield code="2">fast</subfield><subfield code="0">(OCoLC)fst01411628</subfield></datafield><datafield ind1=" " ind2="7" tag="655"><subfield code="a">Sources.</subfield><subfield code="2">fast</subfield><subfield code="0">(OCoLC)fst01423900</subfield></datafield><datafield ind1="2" ind2=" " tag="710"><subfield code="a">Cornell University.</subfield><subfield code="b">Libraries.</subfield></datafield><datafield ind1="0" ind2=" " tag="730"><subfield code="a">Arabic Collections Online.</subfield></datafield><datafield ind1="0" ind2="8" tag="776"><subfield code="i">Print version:</subfield><subfield code="a">Rustum, Asad, 1897-1965.</subfield><subfield code="t">al-Mah&#803;fu&#772;z&#803;a&#772;t al-maliki&#772;yah al-Mis&#803;ri&#772;yah</subfield><subfield code="w">(NIC)3536905</subfield><subfield code="w">(DLC)   48038095 </subfield><subfield code="w">(OCoLC)1298816</subfield></datafield><datafield ind1="4" ind2="0" tag="856"><subfield code="u">http://hdl.handle.net/2333.1/xgxd27f8</subfield></datafield><datafield ind1="1" ind2=" " tag="880"><subfield code="6">100-01/r</subfield><subfield code="a">&#1585;&#1587;&#1578;&#1605;&#1548; &#1575;&#1587;&#1583;&#1548;</subfield><subfield code="d">1897-1965.</subfield></datafield><datafield ind1="1" ind2="2" tag="880"><subfield code="6">245-02/r</subfield><subfield code="a">&#1575;&#1604;&#1605;&#1581;&#1601;&#1608;&#1592;&#1575;&#1578; &#1575;&#1604;&#1605;&#1604;&#1603;&#1610;&#1577; &#1575;&#1604;&#1605;&#1589;&#1585;&#1610;&#1577; :</subfield><subfield code="b">&#1576;&#1610;&#1575;&#1606; &#1576;&#1608;&#1579;&#1575;&#1574;&#1602; &#1575;&#1604;&#1588;&#1575;&#1605; &#1608;&#1605;&#1575; &#1610;&#1587;&#1575;&#1593;&#1583; &#1593;&#1604;&#1609; &#1601;&#1607;&#1605;&#1607;&#1575; &#1608;&#1610;&#1608;&#1590;&#1581; &#1605;&#1602;&#1575;&#1589;&#1583; /</subfield><subfield code="c">&#1604;&#1575;&#1587;&#1583; &#1585;&#1587;&#1578;&#1605;.</subfield></datafield><datafield ind1=" " ind2=" " tag="880"><subfield code="6">260-03/r</subfield><subfield code="a">[Beirut] :</subfield><subfield code="b">&#1580;&#1575;&#1605;&#1593;&#1577; &#1576;&#1610;&#1585;&#1608;&#1578; &#1575;&#1604;&#1575;&#1605;&#1610;&#1585;&#1603;&#1610;&#1577;&#1548;</subfield><subfield code="c">1940-1943.</subfield></datafield><datafield ind1=" " ind2=" " tag="959"><subfield code="a">NNU</subfield><subfield code="b">WEB</subfield><subfield code="c">GENI</subfield><subfield code="t">0</subfield><subfield code="m">Electronic access</subfield><subfield code="s">01</subfield></datafield><datafield ind1=" " ind2=" " tag="999"><subfield code="i">NIC_3536905</subfield><subfield code="o">(OCoLC)ocm01298816</subfield></datafield></record>